@incollection{remedios2006nfc,
  title={NFC Technologies in Mobile Phones and Emerging Applications},
  author={Remedios, Diogo and Sousa, Lu{\'\i}s and Barata, Manuel and Os{\'o}rio, Lu{\'\i}s},
  booktitle={Information Technology For Balanced Manufacturing Systems},
  pages={425--434},
  year={2006},
  note = {\href{http://link.springer.com/chapter/10.1007/978-0-387-36594-7_45}{Available online at: http://link.springer.com/chapter/10.1007/978-0-387-36594-7_45}},
  publisher={Springer}
}
@article{Tan2013,
title = "\{NFC\} mobile credit card: The next frontier of mobile payment? ",
journal = "Telematics and Informatics ",
year = "2013",
issn = "0736-5853",
doi = "http://dx.doi.org/10.1016/j.tele.2013.06.002",
url = "http://www.sciencedirect.com/science/article/pii/S073658531300035X",
author = "Garry Wei-Han Tan and Keng-Boon Ooi and Siong-Choy Chong and Teck-Soon Hew",
}
@misc{nfc_growth,
  author = {Sarah Clark},
  title = {One in three mobile phones to come with NFC by 2017},
  howpublished = "\url{http://www.nfcworld.com/2013/06/05/324448/one-in-three-mobile-phones-to-come-with-nfc-by-2017/}",
  note = "[Online; accessed 5-November-2013]"
}
@inproceedings{mulliner2009vulnerability,
  title={Vulnerability analysis and attacks on NFC-enabled mobile phones},
  author={Mulliner, Collin},
  booktitle={Availability, Reliability and Security, 2009. ARES'09. International      Conference on},
  pages={695--700},
  year={2009},
  note = {\href{http://ieeexplore.ieee.org/stamp/stamp.jsp?tp=\&arnumber=5066549}{Available online at: http://ieeexplore.ieee.org/stamp/stamp.jsp?tp=\&arnumber=5066549}},
  organization={IEEE}
}
@inproceedings{verdult2011practical,
  title={Practical attacks on NFC enabled cell phones},
  author={Verdult, Roel and Kooman, Fran{\c{c}}ois},
  booktitle={Near Field Communication (NFC), 2011 3rd International Workshop on},
  pages={77--82},
  year={2011},
  note = {\href{http://ieeexplore.ieee.org/stamp/stamp.jsp?tp=\&arnumber=5741305}{Available online at: http://ieeexplore.ieee.org/stamp/stamp.jsp?tp=\&arnumber=5741305}},
  organization={IEEE}
}
@article{want2011near,
  title={Near field communication},
  author={Want, Roy},
  journal={Pervasive Computing, IEEE},
  volume={10},
  number={3},
  pages={4--7},
  year={2011},
  note = {\href{http://ieeexplore.ieee.org/stamp/stamp.jsp?tp=\&arnumber=5958681}{Available online at: http://ieeexplore.ieee.org/stamp/stamp.jsp?tp=\&arnumber=5958681}},
  publisher={IEEE}
}
@inproceedings{haselsteiner2006security,
  title={Security in near field communication (NFC)},
  author={Haselsteiner, Ernst and Breitfu{\ss}, Klemens},
  booktitle={Workshop on RFID Security RFIDSec},
  note = {\href{http://ece.wpi.edu/~dchasaki/papers/Security in NFC.pdf}{Available online at: http://ece.wpi.edu/~dchasaki/papers/Security in NFC.pdf}},
  year={2006}
}