@incollection{remedios2006nfc,
  title={NFC Technologies in Mobile Phones and Emerging Applications},
  author={Remedios, Diogo and Sousa, Lu{\'\i}s and Barata, Manuel and Os{\'o}rio, Lu{\'\i}s},
  booktitle={Information Technology For Balanced Manufacturing Systems},
  pages={425--434},
  year={2006},
  note = {\href{http://link.springer.com/chapter/10.1007/978-0-387-36594-7_45}{Available online at: http://link.springer.com/chapter/10.1007/978-0-387-36594-7_45}},
  publisher={Springer}
}
@article{Tan2013,
title = "\{NFC\} mobile credit card: The next frontier of mobile payment? ",
journal = "Telematics and Informatics ",
year = "2013",
issn = "0736-5853",
doi = "http://dx.doi.org/10.1016/j.tele.2013.06.002",
url = "http://www.sciencedirect.com/science/article/pii/S073658531300035X",
author = "Garry Wei-Han Tan and Keng-Boon Ooi and Siong-Choy Chong and Teck-Soon Hew",
}
@misc{nfc_growth,
  author = {Sarah Clark},
  title = {One in three mobile phones to come with NFC by 2017},
  howpublished = "\url{http://www.nfcworld.com/2013/06/05/324448/one-in-three-mobile-phones-to-come-with-nfc-by-2017/}",
  note = "[Online; accessed 5-November-2013]"
}

@misc{cmiller,
  author = {Charlie Miller},
  title = {Exploring the NFC Attack Surface},
  howpublished = "\url{http://media.blackhat.com/bh-us-12/Briefings/C_Miller/BH_US_12_Miller_NFC_attack_surface_WP.pdf}",
  note = "[Online; accessed 6-November-2013]"
}

@misc{cmiller1,
  author = {Sebastian Anthony},
  title = {Black Hat hacker lays waste to Android and Meego using NFC exploits},
  howpublished = "\url{http://www.extremetech.com/computing/133501-black-hat-hacker-lays-waste-to-android-and-meego-using-nfc-exploits}",
  note = "[Online; accessed 6-November-2013]"
}

@misc{smartposter,
  author = {NFC Forum},
  year = "2011",
  page = "5",
  title = {Smart Posters, How to use NFC tags and readers to create interactive 
experiences that benefit both consumers and 
businesses},
  howpublished = "\url{http://www.nfc-forum.org/resources/white_papers/NFC_Smart_Posters_White_Paper.pdf}",
  note = "[Online; accessed 13-November-2013]"
}

@inproceedings{mulliner2009vulnerability,
  title={Vulnerability analysis and attacks on NFC-enabled mobile phones},
  author={Mulliner, Collin},
  booktitle={Availability, Reliability and Security, 2009. ARES'09. International      Conference on},
  pages={695--700},
  year={2009},
  note = {\href{http://ieeexplore.ieee.org/stamp/stamp.jsp?tp=\&arnumber=5066549}{Available online at: http://ieeexplore.ieee.org/stamp/stamp.jsp?tp=\&arnumber=5066549}},
  organization={IEEE}
}
@inproceedings{verdult2011practical,
  title={Practical attacks on NFC enabled cell phones},
  author={Verdult, Roel and Kooman, Fran{\c{c}}ois},
  booktitle={Near Field Communication (NFC), 2011 3rd International Workshop on},
  pages={77--82},
  year={2011},
  note = {\href{http://ieeexplore.ieee.org/stamp/stamp.jsp?tp=\&arnumber=5741305}{Available online at: http://ieeexplore.ieee.org/stamp/stamp.jsp?tp=\&arnumber=5741305}},
  organization={IEEE}
}
@article{want2011near,
  title={Near field communication},
  author={Want, Roy},
  journal={Pervasive Computing, IEEE},
  volume={10},
  number={3},
  pages={4--7},
  year={2011},
  note = {\href{http://ieeexplore.ieee.org/stamp/stamp.jsp?tp=\&arnumber=5958681}{Available online at: http://ieeexplore.ieee.org/stamp/stamp.jsp?tp=\&arnumber=5958681}},
  publisher={IEEE}
}
@inproceedings{haselsteiner2006security,
  title={Security in near field communication (NFC)},
  author={Haselsteiner, Ernst and Breitfu{\ss}, Klemens},
  booktitle={Workshop on RFID Security RFIDSec},
  note = {\href{http://ece.wpi.edu/~dchasaki/papers/Security in NFC.pdf}{Available online at: http://ece.wpi.edu/~dchasaki/papers/Security in NFC.pdf}},
  year={2006}
}

@inproceedings{madlmayr2008nfc,
  title={NFC devices: Security and privacy},
  author={Madlmayr, Gerald and Langer, Josef and Kantner, Christian and Scharinger, Josef},
  booktitle={Availability, Reliability and Security, 2008. ARES 08. Third International Conference on},
  pages={642--647},
  year={2008},
  organization={IEEE}
}

@inproceedings{ruiz2009university,
  title={University smart poster: Study of NFC technology applications for university ambient},
  author={Ruiz, Irene Luque and G{\'o}mez-Nieto, Miguel {\'A}ngel},
  booktitle={3rd Symposium of Ubiquitous Computing and Ambient Intelligence 2008},
  pages={112--116},
  year={2009},
  organization={Springer},
  note = {\href{http://link.springer.com/chapter/10.1007/978-3-540-85867-6_13}{Available online at: http://link.springer.com/chapter/10.1007/978-3-540-85867-6_13}}
}

@article{Stanton2005124,
title = "Analysis of end user security behaviors ",
journal = "Computers & Security ",
volume = "24",
number = "2",
pages = "124 - 133",
year = "2005",
issn = "0167-4048",
doi = "http://dx.doi.org/10.1016/j.cose.2004.07.001",
note = {\href{http://www.sciencedirect.com/science/article/pii/S0167404804001841}{Available online at: http://www.sciencedirect.com/science/article/pii/S0167404804001841}},
author = "Jeffrey M. Stanton and Kathryn R. Stam and Paul Mastrangelo and Jeffrey Jolton",
}

@inproceedings{chen2010nfc,
  title={NFC mobile transactions and authentication based on GSM network},
  author={Chen, W and Hancke, GP and Mayes, KE and Lien, Y and Chiu, J-H},
  booktitle={Near Field Communication (NFC), 2010 Second International Workshop on},
  pages={83--89},
  year={2010},
  organization={IEEE}
}

@inproceedings{kortvedt2009eavesdropping,
  title={Eavesdropping near field communication},
  author={Kortvedt, Henning Siitonen and Mj{\o}lsnes, Stig F},
  booktitle={The Norwegian Information Security Conference (NISK)},
  year={2009}
}
@phdthesis{kortvedt2009securing,
  title={Securing Near Field Communication},
  author={Kortvedt, Henning Siitonen},
  year={2009},
  school={Norwegian University of Science and Technology}
}

